@online{mpi_allreduce,
    author = {{OpenMPI}},
    title = {OpenMPI ALlreduce},
    year = {2020},
    month = {3},
    url = {https://www.open-mpi.org/doc/v3.0/man3/MPI_Allreduce.3.php},
    urldate = {2021-12-19},
}

@article{traeff2021dualroot,
  author    = {Jesper Larsson Tr{\"{a}}ff},
  title     = {A Doubly-pipelined, Dual-root Reduction-to-all Algorithm and Implementation},
  journal   = {CoRR},
  volume    = {abs/2109.12626},
  year      = {2021},
  url       = {https://arxiv.org/abs/2109.12626},
  eprinttype = {arXiv},
  eprint    = {2109.12626},
  timestamp = {Mon, 04 Oct 2021 17:22:25 +0200},
  biburl    = {https://dblp.org/rec/journals/corr/abs-2109-12626.bib},
  bibsource = {dblp computer science bibliography, https://dblp.org}
}